%Bigliography in bitex format

@inproceedings{zhao2007graph,
  title={Graph indexing: tree + delta $>=$ graph},
  author={Zhao, Peixiang and Yu, Jeffrey Xu and Yu, Philip S},
  booktitle={Proceedings of the 33rd international conference on Very large data bases},
  pages={938--949},
  year={2007},
  organization={VLDB Endowment}
}

@inproceedings{louvain,
  title={Generalized Louvain Method for Community Detection in Large Networks},
  author={Pasquale De Meo, Emilio Ferrara, Giacomo Fiumara, Alessandro Provetti},
  booktitle={Proceedings of the 11th International Conference On Intelligent Systems Design And Applications},
  pages={88-93},
  year={2011}
}

@inproceedings{kclique,
  title={Uncovering the overlapping community structure of complex networks in nature and society},
  author={Gergely Palla, Imre Derényi, Illés Farkas1, and Tamás Vicsek},
  booktitle={Nature 435},
  pages={814-818},
  year={2005}
}